@article{cao2008maximum,
  title={A maximum common substructure-based algorithm for searching and predicting drug-like compounds},
  author={Cao, Yiqun and Jiang, Tao and Girke, Thomas},
  journal={Bioinformatics},
  volume={24},
  number={13},
  pages={i366--i374},
  year={2008},
  publisher={Oxford Univ Press}
}


@article{5283350, 
 author={L. Deng}, 
title={2009 Fifth International Conference on Information Assurance and Security}, 
 title={Study on Ultrasonic Ranging System Design}, 
 year={2009}, 
 volume={2}, 
 number={}, 
 pages={414-416}, 
 keywords={distance measurement;temperature measurement;temperature sensors;ultrasonic measurement;ultrasonic ranging system design;noncontact distance measurement;sensor technology;LCD screen;single-chip microcomputer;temperature sensor;voice broadcast system;Ultrasonic variables measurement;Temperature sensors;Temperature measurement;Time measurement;Sensor systems;Distance measurement;Temperature control;Control systems;Microcomputers;Broadcasting;ultrasonic sensor;measuring distance;MCU}, 
 doi={10.1109/IAS.2009.352}, 
 ISSN={}, 
 month={Aug},}